@article{7553523,
    author={K. Zhang and Z. Zhang and Z. Li and Y. Qiao}, 
    journal={IEEE Signal Processing Letters}, 
    title={Joint Face Detection and Alignment Using Multitask Cascaded Convolutional Networks}, 
    year={2016}, 
    volume={23}, 
    number={10}, 
    pages={1499-1503}, 
    keywords={Benchmark testing;Computer architecture;Convolution;Detectors;Face;Face detection;Training;Cascaded convolutional neural network (CNN);face alignment;face detection}, 
    doi={10.1109/LSP.2016.2603342}, 
    ISSN={1070-9908}, 
    month={Oct}
}

@online{GitMTCNN,
  author = {Simba Zhang},
  title = {RaspberryPi-FaceDetection-MTCNN-Caffe-With-Motion},
  year = 2016,
  url = {https://github.com/Pi-DeepLearning/RaspberryPi-FaceDetection-MTCNN-Caffe-With-Motion},
  urldate = {2017-03-17}
}

@online{PytorchMTCNN,
  author = {AITTSMD},
  title = {MTCNN-Tensorflow},
  year = 2018,
  url = {https://github.com/AITTSMD/MTCNN-Tensorflow}
  urldate - {2018-10-16}
}

@article{ego,
    author={W. Wu, C. Li, Z. Cheng, X. Zhang and L. Jin.}, 
    journal={Proceedings of the IEEE International Conference on Computer Vision Workshops}, 
    title={YOLSE: Egocentric Fingertip Detection from Single RGB Images.}, 
    year={2017} 
}

@article{DBLP:journals/corr/abs-1711-08848,
  author    = {Bugra Tekin and
               Sudipta N. Sinha and
               Pascal Fua},
  title     = {Real-Time Seamless Single Shot 6D Object Pose Prediction},
  journal   = {CoRR},
  volume    = {abs/1711.08848},
  year      = {2017},
  url       = {http://arxiv.org/abs/1711.08848},
  archivePrefix = {arXiv},
  eprint    = {1711.08848},
  timestamp = {Mon, 13 Aug 2018 16:47:15 +0200},
  biburl    = {https://dblp.org/rec/bib/journals/corr/abs-1711-08848},
  bibsource = {dblp computer science bibliography, https://dblp.org}
}

@proceedings{DBLP:conf/miccai/2015-3,
  editor    = {Nassir Navab and
               Joachim Hornegger and
               William M. Wells III and
               Alejandro F. Frangi},
  title     = {Medical Image Computing and Computer-Assisted Intervention - {MICCAI}
               2015 - 18th International Conference Munich, Germany, October 5 -
               9, 2015, Proceedings, Part {III}},
  series    = {Lecture Notes in Computer Science},
  volume    = {9351},
  publisher = {Springer},
  year      = {2015},
  url       = {https://doi.org/10.1007/978-3-319-24574-4},
  doi       = {10.1007/978-3-319-24574-4},
  isbn      = {978-3-319-24573-7},
  timestamp = {Sun, 02 Jun 2019 21:24:41 +0200},
  biburl    = {https://dblp.org/rec/bib/conf/miccai/2015-3},
  bibsource = {dblp computer science bibliography, https://dblp.org}
}

@article{lecun-mnisthandwrittendigit-2010,
  added-at = {2010-06-28T21:16:30.000+0200},
  author = {LeCun, Yann and Cortes, Corinna},
  biburl = {https://www.bibsonomy.org/bibtex/2935bad99fa1f65e03c25b315aa3c1032/mhwombat},
  groups = {public},
  howpublished = {http://yann.lecun.com/exdb/mnist/},
  interhash = {21b9d0558bd66279df9452562df6e6f3},
  intrahash = {935bad99fa1f65e03c25b315aa3c1032},
  keywords = {MSc _checked character_recognition mnist network neural},
  lastchecked = {2016-01-14 14:24:11},
  timestamp = {2016-07-12T19:25:30.000+0200},
  title = {{MNIST} handwritten digit database},
  url = {http://yann.lecun.com/exdb/mnist/},
  username = {mhwombat},
  year = 2010
}

